@misc{wiki:MacchinaTuring,
 author = "Wikipedia",
 title = "Macchina di {T}uring Universale --- {W}ikipedia, The Free Encyclopedia",
 year = "(2015)",
 howpublished = {\url{https://it.wikipedia.org/wiki/Macchina_di_Turing_universale}},
 note = "[Online; 17-Set-2015]"
}

@article{Turing:1950,
 author = "{Alan M. Turing}",
 title = "Computing machinery and intelligence.",
 journal = "Mind",
 pages = "433-460",
 year = "(1950)",
 publisher = "LIX"
}

@article{Tomas:2013,
 author = "{Tomas Mikolov, Kai Chen, Greg Corrado and Jeffrey Dean}",
 title = "Efficient estimation of word representations in vector space",
 year = "2013",
 number = "abs/1301.3781",
 journal = "{CoRR}",
 doi = {http://arxiv.org/pdf/1301.3781}
}

@techreport{Lipton:2009,
 author = "{Zachary C. Lipton}",
 title = {A Critical Review of Recurrent Neural Networks for Sequence Learning},
 year = "2015",
 month = "Giugno",
 institution = "{University of California}",
 url = {http://arxiv.org/pdf/1506.00019v1.pdf},
 location = "{University of California, San Diego}"
}

@techreport{Rumelhart:1985,
 author = "{David E. Rumelhart, Geoffrey E. Hinton and Ronald J. Williams}",
 title = "Learning internal representations by error propagation",
 year = "1985",
 institution = "{DTIC Document}"
}

@article{Siegelmann:1991,
 author = "{Hava T. Siegelmann and Eduardo D. Sontag}",
 title = "Turing computability with neural nets",
 year = "1991",
 pages = "77-80",
 journal = "{Applied Mathematics Letters}"
}

@article{Elman:1990,
 author = "{Jeffrey L. Elman}",
 title = "Finding structure in time.",
 year = "1990",
 pages = "14(2):179-211",
 journal = "{Cognitive Science}"
}

 Finding structure in time. Cognitive science, 14(2):179â€“211,
1990.

@article{Schuster:1997,
 author = "{Mike Schuster and Kuldip K. Paliwal}",
 title = "Bidirectional recurrent neural networks",
 year = "1997",
 pages = "2673-2681",
 journal = "{Signal Processing, IEEE Transactions}"
}

@article{Sutskever:2011,
 author = "{Ilya Sutskever, James Martens and Geoffrey E. Hinton}",
 title = "Generating text with recurrent neural networks",
 year = "2011",
 pages = "1017-1024",
 journal = "{Proceedings of the 28th International Conference on Machine Learning (ICML-11)}"
}

@article{Bengio:2013,
 author = "{Yoshua Bengio, Nicolas Boulanger-Lewandowski, and Razvan Pascanu}",
 title = "Advances in optimizing recurrent networks",
 year = "2013",
 pages = "8624-8628",
 journal = "{Acoustics, Speech and Signal Processing (ICASSP), 2013 IEEE International Conference}"
}

@article{Werbos:1990,
 author = "{Paul J. Werbos}",
 title = "Backpropagation through time: what it does and how to do it",
 year = "1990",
 pages = "78(10):1550-1560",
 journal = "{Proceedings of the IEEE}"
}

@article{Hopfield:1982,
 author = "{John J. Hopfield}",
 title = "Neural networks and physical systems with emergent collective computational abilities.",
 year = "1982",
 pages = "79 (8):2554-2558",
 journal = "{Proceedings of the National Academy of Sciences}"
}

@techreport{Jordan:1986,
 author = "{Michael I. Jordan}",
 title = {Serial order: A parallel distributed processing approach. Technical Report 8604},
 year = "1986",
 institution = "{Institute for Cognitive Science,}",
 location = "{University of California, San Diego}"
}

@article{Williams:1989,
 author = "{Ronald J. Williams and David Zipser}",
 title = "A learning algorithm for continually running fully recurrent neural networks",
 year = "1989",
 pages = "1(2):270-280",
 journal = "Neural computation"
}

@article{Gers:2000,
 author = "{Felix A. Gers, J{\"u}rgen Schmidhuber and Fred Cummins}",
 title = "Learning to forget: Continual prediction with LSTM",
 year = "2000",
 pages = "12(10):2451-2471",
 journal = "Neural computation"
}

@article{Hochreiter:1997,
 author = "{Sepp Hochreiter and J{\"u}rgen Schmidhuber}",
 title = "Long short-term memory",
 year = "1997",
 pages = "9(8):1735-1780",
 journal = "Neural computation"
}

@article{Collobert:2011,
 author = "{Ronan Collobert, Koray Kavukcuoglu and Cl\'ement Farabet}",
 title = "Torch7: A matlab-like environment for machine learning",
 year = "2011",
 journal = "In BigLearn, NIPS Workshop, number EPFL-CONF-192376"
}

@InProceedings{caselli-EtAl:2011:LAW,
  author    = {Caselli, Tommaso  and  Bartalesi Lenzi, Valentina  and  Sprugnoli, Rachele  and  Pianta, Emanuele  and  Prodanof, Irina},
  title     = {Annotating Events, Temporal Expressions and Relations in Italian: the It-Timeml Experience for the Ita-TimeBank},
  booktitle = {Proceedings of the 5th Linguistic Annotation Workshop},
  month     = {June},
  year      = {2011},
  address   = {Portland, Oregon, USA},
  publisher = {Association for Computational Linguistics},
  pages     = {143--151},
  url       = {http://www.aclweb.org/anthology/W11-0418}
}

@misc{Zanchetta:2005,
 author = {E. Zanchetta, M. Baroni},
 title = {Morph-it! A free corpus-based morphological resource for the Italian language. Proc. of Corpus Linguistics 2005},
 year = "(2005)",
 location = {University of Birmingham, Birmingham, UK},
 howpublished = {\url{http://dev.sslmit.unibo.it/linguistics/morph-it.php}}
}

@misc{BrillMarcus:1993,
 author = {Brill, Eric \& Marcus, M.},
 title = {Tagging an unfamiliar text with minimal human supervision.},
 year = "(1993)",
 location = {ARPA Technical Report.},
}

@misc{Brill:1995,
 author = {Brill, Eric},
 title = {Unsupervised learning of disambiguation rules for part of speech tagging.},
 year = "(1995)",
}

@misc{Brill:1992,
 author = {Brill, Eric},
 title = {A simple rule-based part of speech tagger.},
 year = "(1992)",
 location = {Proceedings of the Third Annual Conference on Applied Natural Language Processing, ACL.}
}

@misc{Greene:1971,
 author = {Greene, B. B. \& Rubin, G. M.},
 title = {A simple rule-based part of speech tagger.},
 year = "(1971)",
 location = {Automatic grammatical tagging of English. Technical Report, Brown University. Providence, RI.}
}

@article{Dermatas:1995,
 author = "{Dermatas, Evangelos & Kokkinakis, George.}",
 title = "Automatic stochastic tagging of natural language texts.",
 year = "1993",
 pages = "21.2: 137-163",
 journal = {Computational Linguistics}
}

@article{Shutze:1993,
 author = "{Sch\"utze, Hinrich}",
 title = "Part-of-speech induction from scratch.",
 year = "1993",
 pages = "251-258",
 journal = {Proceedings of the 31st Annual Meeting of the Association for Computational Linguistics}
}

@misc{Attardi:2008,
 author = {G. Attardi et al},
 title = "Project Analisi di Testi per il Semantic Web e il Question Answering",
 year = "(2008)",
 location = {Tanl (Text Analytics and Natural Language processing)},
 howpublished = {\url{http://medialab.di.unipi.it/wiki/SemaWiki}}
}

@article{scikit-learn,
 title={Scikit-learn: Machine Learning in {P}ython},
 author={Pedregosa, F. and Varoquaux, G. and Gramfort, A. and Michel, V.
         and Thirion, B. and Grisel, O. and Blondel, M. and Prettenhofer, P.
         and Weiss, R. and Dubourg, V. and Vanderplas, J. and Passos, A. and
         Cournapeau, D. and Brucher, M. and Perrot, M. and Duchesnay, E.},
 journal={Journal of Machine Learning Research},
 volume={12},
 pages={2825--2830},
 year={2011}
}
